@article{Arora:2016,
title = {Forecasting electricity smart meter data using conditional kernel density estimation},
journal = {Omega},
volume = {59},
pages = {47--59},
year = {2016},
author = {Siddharth Arora and James W. Taylor}
}

@article{Auder:2018,
   author = {Auder, Benjamin and Cugliari, Jairo and Goude, Yannig and Poggi, Jean-Michel},
   title = {Scalable Clustering of Individual Electrical Curves for Profiling and Bottom-Up Forecasting},
   journal = {Energies},
   volume = {11},
   number = {7},
   pages = {1893, 1--22},
   ISSN = {1996-1073},
   year = {2018}
}

@article{Bayer:2018,
   author = {Bayer, Benjamin and Matschoss, Patrick and Thomas, Heiko and Marian, Adela},
   title = {The German experience with integrating photovoltaic systems into the low-voltage grids},
   journal = {Renewable Energy},
   volume = {119},
   pages = {129--141},
   year = {2018},
   type = {Journal Article}
}

@book{Box:1990,
   author = {Box, George Edward Pelham and Jenkins, Gwilym},
   title = {Time Series Analysis, Forecasting and Control},
   publisher = {Holden-Day},
   address = {San Francisco},
   year = {1990}
}

@techreport{Burger:2016,
   author = {Burger, C and Kuhlmann, A and Richard, P and Weinmann, J},
   title = {Blockchain in the energy transition. A survey among decision-makers in the German energy industry},
   year = {2016},
   type = {Report},
   institution = {ESMT Berlin}
}

@techreport{Fitzgerald:2016,
   author = {Fitzgerald, Garrett and Nelder, Chris and Newcomb, James},
   title = {Electric vehicles as distributed energy resources},
   institution = {Rocky Mountain Institute},
   year = {2016},
   type = {Report}
}

@article{Hoff:2013,
   author = {Hoff, Thomas and Perez, Richard and Kleissl, Jan and Renne, David and Stein, Joshua},
   title = {Reporting of irradiance modeling relative prediction errors},
   journal = {Progress in Photovoltaics: Research and Applications},
   volume = {21},
   number = {7},
   pages = {1514--1519},
   year = {2013}
}

@article{Hyndman:2006,
   author = {Hyndman, Rob J. and Koehler, Anne B.},
   title = {Another look at measures of forecast accuracy},
   journal = {International Journal of Forecasting},
   volume = {22},
   number = {4},
   pages = {679--688},
   year = {2006}
}

@article{Kong:2018,
   author = {Kong, Weicong and Dong, Zhao Yang and Jia, Youwei and Hill, David J and Xu, Yan and Zhang, Yuan},
   title = {Short-Term Residential Load Forecasting Based on Resident Behaviour Learning},
   journal = {IEEE Transactions on Power Systems},
   volume = {33},
   number = {1},
   pages = {1087--1088},
   year = {2018}
}

@article{Li:2017,
   author = {Li, Pan and Zhang, Baosen and Weng, Yang and Rajagopal, Ram},
   title = {A sparse linear model and significance test for individual consumption prediction},
   journal = {IEEE Transactions on Power Systems},
   volume = {32},
   number = {6},
   pages = {4489--4500},
   year = {2017}
}

@article{Mengelkamp:2018a,
   author = {Mengelkamp, Esther and G{\"a}rttner, Johannes and Rock, Kerstin and Kessler, Scott and Orsini, Lawrence and Weinhardt, Christof},
   title = {Designing microgrid energy markets -- {A} case study: The Brooklyn Microgrid},
   journal = {Applied Energy},
   volume = {210},
   pages = {870--880},
   year = {2018}
}

@article{Mengelkamp:2018b,
   author = {Mengelkamp, Esther and Notheisen, Benedikt and Beer, Carolin and Dauer, David and Weinhardt, Christof},
   title = {A blockchain-based smart grid: towards sustainable local energy markets},
   journal = {Computer Science - Research and Development},
   volume = {33},
   number = {1},
   pages = {207--214},
   year = {2018}
}

@INPROCEEDINGS{Münsing:2017, 
author={E. M{\"u}nsing and J. Mather and S. Moura}, 
booktitle={2017 IEEE Conference on Control Technology and Applications (CCTA)}, 
title={Blockchains for decentralized optimization of energy resources in microgrid networks}, 
year={2017},
pages={2164--2171}
}

@article{Pinson:2012,
   author = {Pinson, Pierre and Hagedorn, Renate},
   title = {Verification of the ECMWF ensemble forecasts of wind speed against analyses and observations},
   journal = {Meteorological Applications},
   volume = {19},
   number = {4},
   pages = {484--500},
   year = {2012}
}

@misc{newscientist:2016,
   author = {Rutkin, A.},
   title = {Blockchain-based microgrid gives power to consumers in {N}ew {Y}ork},
   url = {https://www.newscientist.com/article/2079334-blockchain-based-microgrid-gives-power-to-consumers-in-new-york/},
   year = {2016},
   lastchecked = {30.07.2018}
}

@article{Shi:2017,
    author = {H. Shi and M. Xu and R. Li},
    title = {Deep learning for household load forecasting -– {A} novel pooling deep {RNN}},
    journal = {IEEE Transactions on Smart Grid},
    year={2018}, 
    volume={9}, 
    number={5}, 
    pages={5271--5280}, 
}

@book{Swan:2015,
   author = {Swan, Melanie},
   title = {Blockchain: Blueprint for a new economy},
   publisher = {O'Reilly Media},
   address = {Sebastopol, CA},
   year = {2015}
}

@misc{szabo:1994,
   author = {Nick Szabo},
   title = {Smart Contracts},
   year = {1994},
   url = {http://www.fon.hum.uva.nl/rob/Courses/InformationInSpeech/CDROM/Literature/LOTwinterschool2006/szabo.best.vwh.net/smart.contracts.html},
   lastchecked = {29.10.2018}
}

@article{Szabo:1997,
   author = {Szabo, Nick},
   title = {Formalizing and Securing Relationships on Public Networks},
   journal = {First Monday},
   volume = {2},
   number = {9},
   year = {1997}
}

@article{Vallance:2017,
   author = {Vallance, Loïc and Charbonnier, Bruno and Paul, Nicolas and Dubost, Stéphanie and Blanc, Philippe},
   title = {Towards a standardized procedure to assess solar forecast accuracy: A new ramp and time alignment metric},
   journal = {Solar Energy},
   volume = {150},
   pages = {408--422},
   year = {2017}
}

@article{Meer:2018,
   author = {van der Meer, D. W. and Widén, J. and Munkhammar, J.},
   title = {Review on probabilistic forecasting of photovoltaic power production and electricity consumption},
   journal = {Renewable and Sustainable Energy Reviews},
   volume = {81},
   pages = {1484--1512},
   year = {2018}
}

@article{Wang:2018,
   author = {Wang, Yi and Chen, Qixin and Hong, Tao and Kang, Chongqing},
  title = {Review of smart meter data analytics: Applications, methodologies, and challenges},
   journal = {IEEE Transactions on Smart Grid (Early access)},
   year = {2018},
   pages = {1--24}
}

@book{Weron:2006,
   author = {Weron, Rafal},
   title = {Modeling and forecasting electricity loads and prices: A statistical approach},
   publisher = {John Wiley \& Sons},
   address = {Chichester},
   year = {2006}
}

@misc{BSW-Solar:2018,
author = {BSW-Solar},
year = {2018},
title = {{S}tatistische {Z}ahlen der deutschen {S}olarstrombranche ({P}hotovoltaik)},
note = {Bundesverband Solarwirtschaft e.V.},
url = {https://www.solarwirtschaft.de/fileadmin/user_upload/bsw_faktenblatt_pv_4018_4.pdf},
lastchecked = {29.10.2018}
}

@InProceedings{Zufferey:2017,
author={Zufferey, Thierry and Ulbig, Andreas and Koch, Stephan and Hug, Gabriela},
editor={Woon, Wei Lee and Aung, Zeyar and Kramer, Oliver and Madnick, Stuart},
title={Forecasting of Smart Meter Time Series Based on Neural Networks},
booktitle={Data Analytics for Renewable Energy Integration},
year={2017},
publisher={Springer International Publishing},
address={Cham},
pages={10--21}
}

@INPROCEEDINGS{Teixeira:2017, 
author={B. Teixeira and F. Silva and T. Pinto and G. Santos and I. Praça and Z. Vale}, 
booktitle={2017 IEEE Power Energy Society General Meeting}, 
title={{TOOCC}: Enabling heterogeneous systems interoperability in the study of energy systems}, 
year={2017},
pages={1--5}
}

@ARTICLE{Gerossier:2017, 
author={A. Gerossier and R. Girard and G. Kariniotakis and A. Michiorri}, 
journal={CIRED - Open Access Proceedings Journal}, 
title={Probabilistic day-ahead forecasting of household electricity demand}, 
year={2017}, 
volume={2017}, 
number={1}, 
pages={2500--2504}
}

@book{fielding:2000,
  title={Architectural Styles and the Design of Network-based Software Architectures},
  author={Fielding, Roy T},
  year={2000},
  publisher={Doctoral dissertation. University of California, Irvine}
}

@misc{Discovergy:2018,
	Author = {{Discovergy GmbH}},
	Title = {Intelligente {S}tromz{\"a}hler und {M}esssysteme - {D}iscovergy {G}mb{H}},
	Lastchecked = {07.09.2018},
	Url = {https://discovergy.com},
	Year = {2018}}
	
@misc{DiscovergyAPI:2018,
	Author = {{Discovergy GmbH}},
	Title = {Discovergy {API} {D}ocumentation},
	Lastchecked = {08.09.2018},
	Url = {https://api.discovergy.com/docs/)},
	Year = {2018}
	}
    
 @misc{Destatis:2018,
	Author = {{Statistisches Bundesamt (Destatis)}},
	Title = {{Energieverbrauch -- Stromverbrauch der privaten Haushalte nach Haushaltsgr{\"o}{\ss}enklassen}},
	lastchecked = {14.09.2018},
	Url = {https://www.destatis.de/DE/ZahlenFakten/GesamtwirtschaftUmwelt/Umwelt/UmweltoekonomischeGesamtrechnungen/MaterialEnergiefluesse/Tabellen/StromverbrauchHaushalte.html},
	Year = {2018}
	}
	
@misc{Stromspiegel:2017,
	Address = {co2online gemeinn{\"u}tzige GmbH, Hochkirchstra{\ss}e 9, 10829 Berlin},
	Author = {Andreas Braun},
	Lastchecked = {12.09.2018},
	url ={https://www.stromspiegel.de/fileadmin/ssi/stromspiegel/Broschuere/Stromspiegel_2017_web.pdf},
	Title = {Stromspiegel f{\"u}r {D}eutschland 2017 - {K}limaschutz f{\"u}r zu {H}ause},
	Year = {2017}
	}
	
@misc{energieatlas:2018,
	Author = {{Bayerisches Staatsministerium f{\"u}r Wirtschaft, Energie und Technologie}},
	Lastchecked = {13.09.2018},
	Title = {Energie-Atlas Bayern},
	Url = {https://www.energieatlas.bayern.de/thema\_sonne/photovoltaik/daten.html},
	Year = {2018}
	}
	
@inproceedings{zor:2017,
author = {Zor, Kas{\i}m and Timur, O and Celik, O and Y{\i}ld{\i}r{\i}m, HB and Teke, Ahmet},
year = {2017},
month = {10},
pages = {1--9},
title = {Interpretation of Error Calculation Methods in the Context of Energy Forecasting},
booktitle = {Digital Proceedings of the 12th Conference on Sustainable Development of Energy, Water and Environment Systems (SDEWES2017)}
}

@article{Haben:2014,
title = {A new error measure for forecasts of household-level, high resolution electrical energy consumption},
author = {Stephen Haben and Jonathan Ward and Danica Vukadinovic Greetham and Colin Singleton and Peter Grindrod}, 
journal = {International Journal of Forecasting},
volume = {30},
number = {2},
pages = {246--256},
year = {2014}
}

@book{golub:2012,
  title={Matrix computations},
  author={Golub, Gene H and Van Loan, Charles F},
  volume={3},
  year={2012},
  publisher={JHU Press}
}

@article{Zhang:2015,
title = {A suite of metrics for assessing the performance of solar power forecasting},
journal = {Solar Energy},
volume = {111},
pages = {157--175},
year = {2015},
author = {Jie Zhang and Anthony Florita and Bri-Mathias Hodge and Siyuan Lu and Hendrik F. Hamann and Venkat Banunarayanan and Anna M. Brockway}
}

@article{xie:2018, 
author={J. Xie and T. Hong}, 
journal={IEEE Transactions on Smart Grid}, 
title={Variable Selection Methods for Probabilistic Load Forecasting: Empirical Evidence from Seven States of the United States}, 
year={2018}, 
volume={9}, 
number={6}, 
pages={6039--6046}
}

@INPROCEEDINGS{Florita:2013, 
author={A. Florita and B. Hodge and K. Orwig}, 
booktitle={2013 IEEE Green Technologies Conference (GreenTech)}, 
title={Identifying Wind and Solar Ramping Events}, 
year={2013}, 
pages={147--152}, 
}

@article{Espinar:2009,
title = {Analysis of different comparison parameters applied to solar radiation data from satellite and German radiometric stations},
journal = {Solar Energy},
volume = {83},
number = {1},
pages = {118--125},
year = {2009},
author = {Bella Espinar and Lourdes Ramirez and Anja Drews and Hans Georg Beyer and Luis F. Zarzalejo and Jesus Polo and Luis Martin}
}

@article{Diagne:2013,
title = {Review of solar irradiance forecasting methods and a proposition for small-scale insular grids},
journal = {Renewable and Sustainable Energy Reviews},
volume = {27},
pages = {65--76},
year = {2013},
author = {Maimouna Diagne and Mathieu David and Philippe Lauret and John Boland and Nicolas Schmutz},
}

@book{hong:2010,
author = {Hong, Tao},
year = {2010},
title = {Short Term Electric Load Forecasting},
publisher = {Doctoral dissertation. North Carolina State University}
}

@ARTICLE{Gan:2017, 
author={D. Gan and Y. Wang and N. Zhang and W. Zhu}, 
journal={The Journal of Engineering}, 
title={Enhancing short-term probabilistic residential load forecasting with quantile long–short-term memory}, 
year={2017}, 
volume={2017}, 
number={14}, 
pages={2622--2627}
}

@ARTICLE{Chen:2018, 
author={K. Chen and K. Chen and Q. Wang and Z. He and J. Hu and J. He}, 
journal={IEEE Transactions on Smart Grid (Early access),}, 
title={Short-term Load Forecasting with Deep Residual Networks}, 
year={2018}, 
pages={1--10}, 
}

@book{Chollet:2018,
  title={Deep Learning with R},
  author={Chollet, Fran{\c{c}}ois and Allaire, JJ},
  year={2018},
  publisher={Manning Publications Co.}
}

@article{Hochreiter:1997,
author = {Hochreiter, Sepp and Schmidhuber, JÃŒrgen},
title = {Long {S}hort-{T}erm {M}emory},
journal = {Neural Computation},
volume = {9},
number = {8},
pages = {1735--1780},
year = {1997}
}

@inproceedings{Graves:2013,
  title={Speech recognition with deep recurrent neural networks},
  author={A. Graves and A. Mohamed and G. Hinton},
  booktitle={2013 IEEE International Conference on Acoustics, Speech and Signal Processing},
  pages={6645--6649},
  year={2013}
}

@inproceedings{Malhotra:2015,
  title={Long short term memory networks for anomaly detection in time series},
  author={Malhotra, Pankaj and Vig, Lovekesh and Shroff, Gautam and Agarwal, Puneet},
  booktitle={European Symposium on Artificial Neural Networks, Computational Intelligence and Machine Learning (ESANN) 2015},
  pages={89--94},
  volume={23},
  year={2015}
}


@article{Lipton:2015,
  title={A Critical Review of Recurrent Neural Networks for Sequence Learning},
  author={Lipton, Zachary C and Berkowitz, John and Elkan, Charles},
  journal={Computing Research Repository (CoRR) abs/1506.00019},
  year={2015}
}

@article{Rumelhart:1986,
  title={Learning representations by back-propagating errors},
  author={Rumelhart, David E and Hinton, Geoffrey E and Williams, Ronald J},
  journal={Nature},
  volume={323},
  number={6088},
  pages={533},
  year={1986}
}

@article{Bengio:1994,
  title={Learning long-term dependencies with gradient descent is difficult},
  author={Bengio, Yoshua and Simard, Patrice and Frasconi, Paolo},
  journal={IEEE Transactions on Neural Networks},
  volume={5},
  number={2},
  pages={157--166},
  year={1994}
}

@ARTICLE{Gers:2000, 
author={F. A. Gers and J. Schmidhuber and F. Cummins}, 
journal={Neural Computation}, 
title={Learning to Forget: Continual Prediction with {LSTM}}, 
year={2000}, 
volume={12}, 
number={10}, 
pages={2451--2471}
}

@article{Werbos:1990,
  title={Backpropagation through time: What it does and how to do it},
  author={Werbos, Paul J},
  journal={Proceedings of the IEEE},
  volume={78},
  number={10},
  pages={1550--1560},
  year={1990},
  publisher={IEEE}
}

@article{Hornik:1989,
title = {Multilayer feedforward networks are universal approximators},
journal = {Neural Networks},
volume = {2},
number = {5},
pages = {359--366},
year = {1989},
author = {Kurt Hornik and Maxwell Stinchcombe and Halbert White}
}

@Inbook{Graves:2012,
author={Graves, Alex},
chapter={2: Supervised Sequence Labelling},
title={Supervised Sequence Labelling with Recurrent Neural Networks},
year={2012},
publisher={Springer},
address={Berlin, Heidelberg},
pages={5--13},
}

@inproceedings{Bansal:2015,
  title={Energy Consumption Forecasting for Smart Meters},
  author={Bansal, Anshul and Rompikuntla, Susheel Kaushik and Gopinadhan, Jaganadh and Kaur, Amanpreet and Kazi, Zahoor Ahamed},
  booktitle = {BAI Conference 2015 at IIM Bangalore, India},
  pages = {1--20},
  year={2015}
}

@article{Gers:2002,
  title={Learning precise timing with {LSTM} recurrent networks},
  author={Gers, Felix A and Schraudolph, Nicol N and Schmidhuber, J{\"u}rgen},
  journal={Journal of Machine Learning Research},
  volume={3},
  pages={115--143},
  year={2003}
}
  
@misc{chollet:2017kerasR,
  title={R Interface to {K}eras},
  author={Chollet, Fran\c{c}ois and Allaire, JJ and others},
  year={2017},
  publisher={GitHub},
  howpublished={\url{https://github.com/rstudio/keras}},
}

@inproceedings{Abadi:2017,
title	= {A Computational Model for TensorFlow (An Introduction)},
author	= {Martin Abadi and Michael Isard and Derek G. Murray},
booktitle = {MAPL 2017 Proceedings of the 1st ACM SIGPLAN International Workshop on Machine Learning and Programming Languages},
year	= {2017},
pages = {1--7}
}

@article{Goldsborough:2016,
  title={A tour of {T}ensor{F}low},
  author={Goldsborough, Peter},
  journal={Computing Research Repository (CoRR) abs/1610.01178},
  year={2016}
}

  @Article{Friedman:2010,
    title = {Regularization Paths for Generalized Linear Models via Coordinate Descent},
    author = {Jerome Friedman and Trevor Hastie and Robert Tibshirani},
    journal = {Journal of Statistical Software},
    year = {2010},
    volume = {33},
    number = {1},
    pages = {1--22}
  }
  
  @misc{Heidjann:2017,
	Author = {J{\"o}rg Heidjann},
	Howpublished = {{S}trom{A}uskunft - {A}lles {\"u}ber {S}trom},
	Title = {{S}trompreise in {D}eutschland - {V}ergleichende {A}nalyse der {S}trompreise f{\"u}r 1437 {S}t{\"a}dte in {D}eutschland},
	Year = {2017},
	url={https://www.stromauskunft.de/strompreise/},
	lastchecked={05.10.2018}
	}
	
@misc{Ethereum:2018doc,
	Author = {Ethereum},
	Lastchecked = {06.10.2018},
	Title = {Solididty {D}ocumentation - {R}elease 0.4.25},
	year = {2018},
	URL = {https://solidity.readthedocs.io/en/v0.4.25/}
	}
	
@article{Gode:1993,
author = {Gode, Dhananjay K. and Sunder, Shyam},
title = {Allocative Efficiency of Markets with Zero-Intelligence Traders: Market as a Partial Substitute for Individual Rationality},
journal = {Journal of Political Economy},
volume = {101},
number = {1},
pages = {119--137},
year = {1993}
}	
	
@INPROCEEDINGS{Greveler:2012, 
author={U. Greveler and B. Justus and D. Loehr}, 
booktitle={2012 IEEE International Conference on Communications (ICC)}, 
title={Forensic content detection through power consumption}, 
year={2012}, 
pages={6759--6763}, 
}	
	
@article{Hong:2016,
title = {Probabilistic electric load forecasting: A tutorial review},
journal = {International Journal of Forecasting},
volume = {32},
number = {3},
pages = {914--938},
year = {2016},
author = {Tao Hong and Shu Fan}
}	

@article{Bianco:2016,
author = {Bianco, Laura and Djalalova, Irina V. and Wilczak, James M. and Cline, Joel and Calvert, Stan and Konopleva-Akish, Elena and Finley, Cathy and Freedman, Jeffrey},
title = {A Wind Energy Ramp Tool and Metric for Measuring the Skill of Numerical Weather Prediction Models},
journal = {Weather and Forecasting},
volume = {31},
number = {4},
pages = {1137--1156},
year = {2016}
}

@INPROCEEDINGS{Buchmann:2013, 
author={E. Buchmann and S. Kessler and P. Jochem and K. Böhm}, 
booktitle={2013 IEEE 15th Conference on Business Informatics}, 
title={The Costs of Privacy in Local Energy Markets}, 
year={2013},
pages={198--207},
month={July}
}

@INPROCEEDINGS{Block:2008, 
author={C. Block and D. Neumann and C. Weinhardt}, 
booktitle={Proceedings of the 41st Annual Hawaii International Conference on System Sciences (HICSS 2008)}, 
title={A Market Mechanism for Energy Allocation in Micro-CHP Grids}, 
year={2008},
pages={172--183}
}

@INPROCEEDINGS{Ilic:2012, 
author={D. Ilic and P. G. Da Silva and S. Karnouskos and M. Griesemer}, 
booktitle={2012 6th IEEE International Conference on Digital Ecosystems and Technologies (DEST)}, 
title={An energy market for trading electricity in smart grid neighbourhoods}, 
year={2012},
pages={1--6}
}

@inproceedings{Lamparter:2010,
 author = {Lamparter, Steffen and Becher, Silvio and Fischer, Jan-Gregor},
 title = {An Agent-based Market Platform for Smart Grids},
 booktitle = {Proceedings of the 9th International Conference on Autonomous Agents and Multiagent Systems (AAMAS): Industry Track},
 year = {2010},
 pages = {1689--1696},
}

@inproceedings{Mengelkamp:2018c,
    author       = {Mengelkamp, E. and G{\"a}rttner, J. and Weinhardt, C.},
    year         = {2018},
    title        = {Decentralizing Energy Systems Through Local Energy Markets: The {LAMP}-{P}roject},
    pages        = {924--930},
    booktitle    = {Multikonferenz Wirtschaftsinformatik, MKWI 2018}
}

@INPROCEEDINGS{Sinha:2008, 
author={A. Sinha and A. K. Basu and R. N. Lahiri and S. Chowdhury and S. P. Chowdhury and P. A. Crossley}, 
booktitle={2008 IEEE Power and Energy Society General Meeting - Conversion and Delivery of Electrical Energy in the 21st Century}, 
title={Setting of market clearing price ({MCP}) in microgrid power scenario}, 
year={2008},
pages={1--8}
}

@INPROCEEDINGS{Alibhai:2004, 
author={Z. Alibhai and W. A. Gruver and D. B. Kotak and D. Sabaz}, 
booktitle={2004 IEEE International Conference on Systems, Man and Cybernetics (IEEE Cat. No.04CH37583)}, 
title={Distributed coordination of micro-grids using bilateral contracts}, 
year={2004}, 
volume={2}, 
pages={1990--1995}
}

@article{Rosen:2013,
title = {An auction design for local reserve energy markets},
journal = {Decision Support Systems},
volume = {56},
pages = {168--179},
year = {2013},
author = {C. Rosen and R. Madlener}
}

@INPROCEEDINGS{Mengelkamp:2017:Trading, 
author={E. Mengelkamp and P. Staudt and J. Garttner and C. Weinhardt}, 
booktitle={14th International Conference on the European Energy Market (EEM) 2017}, 
title={Trading on local energy markets: A comparison of market designs and bidding strategies}, 
year={2017},  
pages={1--6}
}

@inproceedings{Mengelkamp:2018:Clustering,
 author = {Mengelkamp, Esther and Weinhardt, Christof},
 title = {Clustering Household Preferences in Local Electricity Markets},
 booktitle = {Proceedings of the Ninth International Conference on Future Energy Systems},
 series = {e-Energy '18},
 year = {2018},
 pages = {538--543}
} 

@book{Tapscott:2016,
  title={Blockchain revolution: how the technology behind bitcoin is changing money, business, and the world},
  author={Tapscott, Don and Tapscott, Alex},
  year={2016},
  publisher={Penguin},
  address={New York, NY}
}


@book{Floch:2017,
   author = {Le Floch, C. },
   title = {Methods for Optimal Charging of Large Fleets of Electric Vehicles},
   publisher = {Doctoral dissertation. University of California, Berkeley},
   year = {2017}
}

@INPROCEEDINGS{Mihaylov:2014, 
author={M. Mihaylov and S. Jurado and N. Avellana and K. Van Moffaert and I. M. de Abril and A. Nowé}, 
booktitle={11th International Conference on the European Energy Market (EEM14)}, 
title={NRGcoin: Virtual currency for trading of renewable energy in smart grids}, 
year={2014}, 
pages={1--6}
}

@article{Stadler:2016,
title = {Value streams in microgrids: A literature review},
journal = {Applied Energy},
volume = {162},
pages = {980--989},
year = {2016},
author = {Michael Stadler and Gonçalo Cardoso and Salman Mashayekh and Thibault Forget and Nicholas DeForest and Ankit Agarwal and Anna Schönbein}
}

@inproceedings{Mengelkamp:2018agentstrategies,
 author = {Mengelkamp, Esther and G\"{a}rttner, Johannes and Weinhardt, Christof},
 title = {Intelligent Agent Strategies for Residential Customers in Local Electricity Markets},
 booktitle = {Proceedings of the Ninth International Conference on Future Energy Systems},
 series = {e-Energy '18},
 year = {2018}
}

@article{Tibshirani:1996,
 author = {Robert Tibshirani},
 journal = {Journal of the Royal Statistical Society. Series B (Methodological)},
 number = {1},
 pages = {267--288},
 publisher = {[Royal Statistical Society, Wiley]},
 title = {Regression Shrinkage and Selection via the Lasso},
 volume = {58},
 year = {1996}
}

@article{Hvelplund:2006,
title = {Renewable energy and the need for local energy markets},
journal = {Energy},
volume = {31},
number = {13},
pages = {2293--2302},
year = {2006},
author = {Frede Hvelplund}
}


@article{Koirala:2016,
title = {Energetic communities for community energy: A review of key issues and trends shaping integrated community energy systems},
journal = {Renewable and Sustainable Energy Reviews},
volume = {56},
pages = {722--744},
year = {2016},
author = {Binod Prasad Koirala and Elta Koliou and Jonas Friege and Rudi A. Hakvoort and Paulien M. Herder},
}

%%%%%%%%%%%%%%%%%%%%%%%%%%%%%%%%%%%