@article{Arora:2016,
   author = {Arora, Siddharth and Taylor, James W.},
   title = {Forecasting electricity smart meter data using conditional kernel density estimation},
   journal = {Omega},
   volume = {59},
   pages = {47-59},
   ISSN = {0305-0483},
   DOI = {https://doi.org/10.1016/j.omega.2014.08.008},
   url = {http://www.sciencedirect.com/science/article/pii/S0305048314001546},
   year = {2016},
   type = {Journal Article}
}

@article{Auder:2018,
   author = {Auder, Benjamin and Cugliari, Jairo and Goude, Yannig and Poggi, Jean-Michel},
   title = {Scalable Clustering of Individual Electrical Curves for Profiling and Bottom-Up Forecasting},
   journal = {Energies},
   volume = {11},
   number = {7},
   pages = {1893},
   ISSN = {1996-1073},
   url = {http://www.mdpi.com/1996-1073/11/7/1893},
   year = {2018},
   type = {Journal Article}
}

@article{Bayer:2018,
   author = {Bayer, Benjamin and Matschoss, Patrick and Thomas, Heiko and Marian, Adela},
   title = {The German experience with integrating photovoltaic systems into the low-voltage grids},
   journal = {Renewable Energy},
   volume = {119},
   pages = {129-141},
   ISSN = {0960-1481},
   DOI = {https://doi.org/10.1016/j.renene.2017.11.045},
   url = {http://www.sciencedirect.com/science/article/pii/S0960148117311461},
   year = {2018},
   type = {Journal Article}
}

@inproceedings{Block:xxxx,
   author = {Block, Carsten and Neumann, Dirk and Weinhardt, Christof},
   title = {A market mechanism for energy allocation in micro-chp grids},
   booktitle = {Hawaii International Conference on System Sciences, Proceedings of the 41st Annual},
   publisher = {IEEE},
   pages = {172-172},
   ISBN = {0769530753},
   type = {Conference Proceedings}
}

@book{Box:1990,
   author = {Box, George Edward Pelham and Jenkins, Gwilym},
   title = {Time Series Analysis, Forecasting and Control},
   publisher = {Holden-Day},
   address = {San Francisco},
   ISBN = {0816211043},
   year = {1990},
   type = {Book}
}

@techreport{Burger:2016,
   author = {Burger, C and Kuhlmann, A and Richard, P and Weinmann, J},
   title = {Blockchain in the energy transition. A survey among decision-makers in the German energy industry},
   year = {2016},
   type = {Report}
}

@misc{business-science:2018,
   volume = {01.08.2018},
   url = {http://www.business-science.io/timeseries-analysis/2018/04/18/keras-lstm-sunspots-time-series-prediction.html},
   year = {2018},
   type = {Web Page}
}

@misc{ethereum:2018,
   number = {03.08.2018},
   url = {https://www.ethereum.org},
   year = {2018},
   type = {Web Page}
}

@techreport{Fitzgerald:2016,
   author = {Fitzgerald, Garrett and Nelder, Chris and Newcomb, James},
   title = {Electric vehicles as distributed energy resources},
   institution = {Rocky Mountain Institute},
   year = {2016},
   type = {Report}
}

@article{Hoff:2013,
   author = {Hoff, Thomas and Perez, Richard and Kleissl, Jan and Renne, David and Stein, Joshua},
   title = {Reporting of irradiance modeling relative prediction errors},
   journal = {Progress in Photovoltaics: Research and Applications},
   volume = {21},
   number = {7},
   pages = {1514-1519},
   DOI = {doi:10.1002/pip.2225},
   url = {https://onlinelibrary.wiley.com/doi/abs/10.1002/pip.2225},
   year = {2013},
   type = {Journal Article}
}

@article{Hyndman:2006,
   author = {Hyndman, Rob J. and Koehler, Anne B.},
   title = {Another look at measures of forecast accuracy},
   journal = {International Journal of Forecasting},
   volume = {22},
   number = {4},
   pages = {679-688},
   ISSN = {0169-2070},
   DOI = {ttps://doi.org/10.1016/j.ijforecast.2006.03.001},
   year = {2006},
   type = {Journal Article}
}

@article{Kong:2018,
   author = {Kong, Weicong and Dong, Zhao Yang and Jia, Youwei and Hill, David J and Xu, Yan and Zhang, Yuan},
   title = {Short-Term Residential Load Forecasting Based on Resident Behaviour Learning},
   journal = { IEEE Transactions on Power Systems},
   volume = {33},
   number = {1},
   pages = {1087 - 1088},
   ISSN = {1949-3053},
   DOI = {10.1109/TPWRS.2017.2688178},
   year = {2018},
   type = {Journal Article}
}

@inproceedings{Lamparter:xxxx,
   author = {Lamparter, Steffen and Becher, Silvio and Fischer, Jan-Gregor},
   title = {An agent-based market platform for smart grids},
   booktitle = {Proceedings of the 9th international conference on autonomous agents and multiagent systems: industry track},
   publisher = {International Foundation for Autonomous Agents and Multiagent Systems},
   pages = {1689-1696},
   ISBN = {0982657145},
   type = {Conference Proceedings}
}

@phdthesis{Floch:2017,
   author = {Le Floch, C. },
   title = {Methods for Optimal Charging of Large Fleets of Electric Vehicles},
   university = {UC Berkeley},
   year = {2017},
   type = {Thesis}
}

@article{Li:2015,
   author = {Li, Chun-Ta and Weng, Chi-Yao and Lee, Cheng-Chi and Wang, Chun-Cheng},
   title = {A hash based remote user authentication and authenticated key agreement scheme for the integrated EPR information system},
   journal = {Journal of medical systems},
   volume = {39},
   number = {11},
   pages = {144},
   ISSN = {0148-5598},
   year = {2015},
   type = {Journal Article}
}

@article{Li:2017,
   author = {Li, Pan and Zhang, Baosen and Weng, Yang and Rajagopal, Ram},
   title = {A sparse linear model and significance test for individual consumption prediction},
   journal = {IEEE Transactions on Power Systems},
   volume = {32},
   number = {6},
   pages = {4489-4500},
   ISSN = {0885-8950},
   year = {2017},
   type = {Journal Article}
}

@article{Mengelkamp:2018a,
   author = {Mengelkamp, Esther and Gärttner, Johannes and Rock, Kerstin and Kessler, Scott and Orsini, Lawrence and Weinhardt, Christof},
   title = {Designing microgrid energy markets: A case study: The Brooklyn Microgrid},
   journal = {Applied Energy},
   volume = {210},
   pages = {870-880},
   ISSN = {0306-2619},
   DOI = {https://doi.org/10.1016/j.apenergy.2017.06.054},
   url = {http://www.sciencedirect.com/science/article/pii/S030626191730805X},
   year = {2018},
   type = {Journal Article}
}

@article{Mengelkamp:2018b,
   author = {Mengelkamp, Esther and Notheisen, Benedikt and Beer, Carolin and Dauer, David and Weinhardt, Christof},
   title = {A blockchain-based smart grid: towards sustainable local energy markets},
   journal = {Computer Science - Research and Development},
   volume = {33},
   number = {1},
   pages = {207-214},
   ISSN = {1865-2042},
   DOI = {10.1007/s00450-017-0360-9},
   url = {https://doi.org/10.1007/s00450-017-0360-9},
   year = {2018},
   type = {Journal Article}
}

@inproceedings{Mihaylov:xxxx,
   author = {Mihaylov, Mihail and Jurado, Sergio and Van Moffaert, Kristof and Avellana, Narcís and Nowé, Ann},
   title = {NRG-X-Change-A Novel Mechanism for Trading of Renewable Energy in Smart Grids},
   booktitle = {3rd International Conference on Smart Grids and Green IT Systems},
   pages = {101-106},
   type = {Conference Proceedings}
}

@inproceedings{Münsing:xxxx,
   author = {Münsing, Eric and Mather, Jonathan and Moura, Scott},
   title = {Blockchains for decentralized optimization of energy resources in microgrid networks},
   booktitle = {Control Technology and Applications (CCTA), 2017 IEEE Conference on},
   publisher = {IEEE},
   pages = {2164-2171},
   ISBN = {1509021825},
   type = {Conference Proceedings}
}

@article{Pinson:2012,
   author = {Pinson, Pierre and Hagedorn, Renate},
   title = {Verification of the ECMWF ensemble forecasts of wind speed against analyses and observations},
   journal = {Meteorological Applications},
   volume = {19},
   number = {4},
   pages = {484-500},
   DOI = {doi:10.1002/met.283},
   url = {https://rmets.onlinelibrary.wiley.com/doi/abs/10.1002/met.283},
   year = {2012},
   type = {Journal Article}
}

@article{Qin:2017,
   author = {Qin, Junjie and Rajagopal, Ram and Varaiya, Pravin P},
   title = {Flexible market for smart grid: coordinated trading of contingent contracts},
   journal = {IEEE Transactions on Control of Network Systems},
   ISSN = {2325-5870},
   DOI = {10.1109/TCNS.2017.2746347},
   year = {2017 (Early access)},
   type = {Journal Article}
}

@misc{newscientist:2016,
   url = {https://www.newscientist.com/article/2079334-blockchain-based-microgrid-gives-power-to-consumers-in-new-york/},
   year = {2016},
   type = {Web Page}
}

@article{Shi:2017,
   author = {Shi, Heng and Xu, Minghao and Li, Ran},
   title = {Deep learning for household load forecasting–a novel pooling deep RNN},
   journal = {IEEE Transactions on Smart Grid},
   ISSN = {1949-3053},
   DOI = {0.1109/TSG.2017.2686012},
   year = {2017 (Early access)},
   type = {Journal Article}
}

@book{Swan:2015,
   author = {Swan, Melanie},
   title = {Blockchain: Blueprint for a new economy},
   publisher = {O'Reilly Media},
   address = {Sebastopol, CA},
   ISBN = {1491920475},
   year = {2015},
   type = {Book}
}

@misc{szabo:1994,
   url = {http://www.fon.hum.uva.nl/rob/Courses/InformationInSpeech/CDROM/Literature/LOTwinterschool2006/szabo.best.vwh.net/smart.contracts.html},
   year = {1994},
   type = {Web Page}
}

@article{Szabo:1997,
   author = {Szabo, Nick},
   title = {Formalizing and Securing Relationships on Public Networks},
   journal = {First Monday},
   volume = {2},
   number = {9},
   ISSN = {13960466},
   DOI = {10.5210/fm.v2i9.548},
   url = {http://journals.uic.edu/ojs/index.php/fm/article/view/548},
   year = {1997},
   type = {Journal Article}
}

@article{Vallance:2017,
   author = {Vallance, Loïc and Charbonnier, Bruno and Paul, Nicolas and Dubost, Stéphanie and Blanc, Philippe},
   title = {Towards a standardized procedure to assess solar forecast accuracy: A new ramp and time alignment metric},
   journal = {Solar Energy},
   volume = {150},
   pages = {408-422},
   ISSN = {0038-092X},
   DOI = {https://doi.org/10.1016/j.solener.2017.04.064},
   url = {http://www.sciencedirect.com/science/article/pii/S0038092X17303687},
   year = {2017},
   type = {Journal Article}
}

@article{Meer:2018,
   author = {van der Meer, D. W. and Widén, J. and Munkhammar, J.},
   title = {Review on probabilistic forecasting of photovoltaic power production and electricity consumption},
   journal = {Renewable and Sustainable Energy Reviews},
   volume = {81},
   pages = {1484-1512},
   ISSN = {1364-0321},
   DOI = {https://doi.org/10.1016/j.rser.2017.05.212},
   url = {http://www.sciencedirect.com/science/article/pii/S1364032117308523},
   year = {2018},
   type = {Journal Article}
}

@article{Wang:2018,
   author = {Wang, Yi and Chen, Qixin and Hong, Tao and Kang, Chongqing},
   title = {Review of smart meter data analytics: Applications, methodologies, and challenges},
   journal = {IEEE Transactions on Smart Grid},
   ISSN = {1949-3053},
   DOI = {10.1109/TSG.2018.2818167},
   year = {2018 (Early access)},
   type = {Journal Article}
}

@book{Weron:2006,
   author = {Weron, Rafal},
   title = {Modeling and forecasting electricity loads and prices: A statistical approach},
   publisher = {John Wiley & Sons},
   address = {Chichester},
   ISBN = {0470059990},
   year = {2006},
   type = {Book}
}

@article{Yamin:2004,
   author = {Yamin, H. Y. and Shahidehpour, S. M.},
   title = {Bidding Strategies Using Price Based Unit Commitment in a Deregulated Power Market},
   journal = {Electric Power Components and Systems},
   volume = {32},
   number = {3},
   pages = {229-245},
   ISSN = {1532-5008},
   DOI = {10.1080/15325000490207912},
   url = {https://doi.org/10.1080/15325000490207912},
   year = {2004},
   type = {Journal Article}
}

@inproceedings{Zufferey:xxxx,
   author = {Zufferey, Thierry and Ulbig, Andreas and Koch, Stephan and Hug, Gabriela},
   title = {Forecasting of smart meter time series based on neural networks},
   booktitle = {International Workshop on Data Analytics for Renewable Energy Integration},
   publisher = {Springer},
   pages = {10-21},
   type = {Conference Proceedings}
}

@INPROCEEDINGS{Teixeira:2017, 
author={B. Teixeira and F. Silva and T. Pinto and G. Santos and I. Praça and Z. Vale}, 
booktitle={2017 IEEE Power Energy Society General Meeting}, 
title={{TOOCC}: Enabling heterogeneous systems interoperability in the study of energy systems}, 
year={2017}, 
volume={}, 
number={}, 
pages={1-5}, 
keywords={decision support systems;distributed power generation;environmental factors;multi-agent systems;ontologies (artificial intelligence);power generation economics;renewable energy sources;scheduling;heterogeneous systems interoperability;Tools Control Center;energy sources;energy market;energy systems;TOOCC;house management system;energy resource scheduling;energy field;heterogeneous agent-based systems;Tools;Ontologies;Microgrids;Frequency modulation;Electricity supply industry;Load modeling;Proposals;Agent-Based Systems;Demand Response;Energy Efficiency;Ontologies;System's Interoperability}, 
doi={10.1109/PESGM.2017.8274338}, 
ISSN={1944-9933}, 
}

@ARTICLE{Gerossier:2017, 
author={A. Gerossier and R. Girard and G. Kariniotakis and A. Michiorri}, 
journal={CIRED - Open Access Proceedings Journal}, 
title={Probabilistic day-ahead forecasting of household electricity demand}, 
year={2017}, 
volume={2017}, 
number={1}, 
pages={2500-2504}, 
keywords={probability;smart power grids;load forecasting;household electricity demand;electricity demand forecasting;smart-grids context;home energy management systems;probabilistic day-ahead forecasting model;hourly electrical demand prediction;smart meter data;temperature predictions;smart grid demonstration site;SENSIBLE project;reliable probabilistic forecasts}, 
doi={10.1049/oap-cired.2017.0625}, 
ISSN={2515-0855}, 
month={},}

@book{fielding:2000,
  title={Architectural Styles and the Design of Network-based Software Architectures},
  author={Fielding, Roy T},
  year={2000},
  publisher={Doctoral dissertation. University of California, Irvine}
}

@webpage{Discovergy:2018,
	Author = {{Discovergy GmbH}},
	Title = {Intelligente Stromzähler und Messsysteme - Discovergy GmbH},
	Date-Added = {2018-09-07 09:59:19 +0000},
	Date-Modified = {2018-09-07 10:00:18 +0000},
	Lastchecked = {07.09.2018},
	Month = {September},
	Url = {https://discovergy.com},
	Year = {2018}}
	
@misc{DiscovergyAPI:2018,
	Author = {{Discovergy GmbH}},
	Title = {Discovergy API Documentation},
	Date-Added = {2018-09-07 09:59:19 +0000},
	Date-Modified = {2018-09-07 10:00:18 +0000},
	Lastchecked = {08.09.2018},
	Month = {September},
	Url = {https://api.discovergy.com/docs/)},
	Year = {2018}}
	
@booklet{Stromspiegel:2017,
	Address = {co2online gemeinn{\"u}tzige GmbH, Hochkirchstra{\ss}e 9, 10829 Berlin},
	Author = {Andreas Braun},
	Date-Added = {2018-09-12 11:15:50 +0000},
	Date-Modified = {2018-09-12 11:17:30 +0000},
	Howpublished = {\href{https://www.stromspiegel.de/fileadmin/ssi/stromspiegel/Broschuere/Stromspiegel\_2017\_web.pdf}{https://www.stromspiegel.de/fileadmin/ssi/stromspiegel/Broschuere/Stromspiegel\_2017\_web .pdf}, accessed on 12.09.2018},
	Title = {Stromspiegel f{\"u}r Deutschland 2017 - Klimaschutz f{\"u}r zu Hause},
	Year = {2017}}
	
@misc{energieatlas:2018,
	Author = {{Bayerisches Staatsministerium f{\"u}r Wirtschaft, Energie und Technologie}},
	Date-Added = {2018-09-13 15:34:36 +0000},
	Date-Modified = {2018-09-13 15:36:15 +0000},
	Lastchecked = {13.09.2018},
	Title = {Energie-Atlas Bayern},
	Url = {https://www.energieatlas.bayern.de/thema_sonne/photovoltaik/daten.html},
	Year = {2018}}
	
	
%%%%%%%%%%%%%%%%%%%%%%%%%%%%%%%%%%%
@book{Gallant:87,
  AUTHOR =   {Gallant, A. R.},
  TITLE =    {Nonlinear Statistical Models},
  EDITION =  {},
  PUBLISHER =    {John Wiley \& Sons},
  ADDRESS =  {New York},
  YEAR =     {1987}
}

@article{Breusch&Schmidt:88,
  AUTHOR =   {Breusch, T. S. and Schmidt, P.},
  TITLE =    {Alternative Forms of the {W}ald test: How Long is a
                  Piece of String},
  JOURNAL =  {Communications in Statistics, Theory and Methods},
  VOLUME =   {17},
  NUMBER =   {},
  PAGES =    {2789--2795},
  YEAR =     {1988}
}



@incollection{BrBrLu:04,
  AUTHOR =   {Breitung, J. and Br\"uggemann, R. and L\"utkepohl,
                  H.},
  TITLE =    {Structural Vector Autoregressive Modelling and
                  Impulse Responses},
  EDITOR =   {L\"utkepohl, H. and Kr\"atzig, M.},
  BOOKTITLE =    {Applied Time Series Econometrics},
  PUBLISHER =    {Cambridge University Press},
  PAGES =    {},
  ADDRESS =  {},
  YEAR =     {2004}
}

@proceedings{DBLP,
  editor =   {Ronald F. Boisvert and Ping Tak Peter Tang},
  title =    {{The Architecture of Scientific Software, IFIP
                  TC2/WG2.5 Working Conference on the Architecture of
                  Scientific Software, October 2-4, 2000, Ottawa,
                  Canada}},
  booktitle =    {The Architecture of Scientific Software},
  publisher =    {Kluwer},
  series =   {IFIP Conference Proceedings},
  volume =   {188},
  year =     {2001},
  isbn =     {0-7923-7339-1},
}

@inproceedings{aik:73,
  AUTHOR =   {Akaike, H.},
  TITLE =    {Information theory and an extension of the maximum
                  likelihood principle},
  EDITOR =   {Petrov, B.N. and Cs\'aki, F.},
  BOOKTITLE =    {2nd International Symposium on Information Theory},
  PUBLISHER =    {Acad\'emiai Kiad\'o},
  ADDRESS =  {Budapest},
  PAGES =    {267--281},
  YEAR =     {1973}
}

@unpublished{EWD:EWD268,
  author =   "Edsger W. Dijkstra",
  title =    "Structured programming",
  month =    aug,
  year =     "1969",
  note =     "circulated privately",
  url =
                  "http://www.cs.utexas.edu/users/EWD/ewd02xx/EWD268.PDF",
}


@manual{IEEE:1471,
  AUTHOR =   {IEEE},
  title =    {IEEE Std 1471 Recommended Practice for Architectural
                  Description},
  organization = {{IEEE}},
  year =     {2000},
}


@techreport{Ravn&Uhlig:01,
  AUTHOR =   {Ravn, M. O. and Uhlig, H.},
  TITLE =    {On adjusting the {H}{P}-filter for the frequency of
                  observations},
  INSTITUTION =  {CESifo},
  TYPE =     {Working Paper},
  NUMBER =   {479},
  MONTH =    {},
  YEAR =     {2001}
}

@misc{Sun:beans,
  AUTHOR =   {\mbox{Sun Microsystems}},
  TITLE =    {{JAVA Beans API Specification}},
  URL =      {http://java.sun.com/products/javabeans},
  YEAR =     {1.01-1997},
}


@phdthesis{Benkwitz:02,
  AUTHOR =   {Benkwitz, A.},
  TITLE =    {{The Software JMulTi: Concept, Development and
                  Application in VAR Analysis}},
  school =   {Humboldt-Universit�t zu Berlin},
  type =     {Dissertation},
  YEAR =     {2002}
}
