@article{Arora:2016,
   author = {Arora, Siddharth and Taylor, James W.},
   title = {Forecasting electricity smart meter data using conditional kernel density estimation},
   journal = {Omega},
   volume = {59},
   pages = {47-59},
   ISSN = {0305-0483},
   DOI = {https://doi.org/10.1016/j.omega.2014.08.008},
   url = {http://www.sciencedirect.com/science/article/pii/S0305048314001546},
   year = {2016},
   type = {Journal Article}
}

@article{Auder:2018,
   author = {Auder, Benjamin and Cugliari, Jairo and Goude, Yannig and Poggi, Jean-Michel},
   title = {Scalable Clustering of Individual Electrical Curves for Profiling and Bottom-Up Forecasting},
   journal = {Energies},
   volume = {11},
   number = {7},
   pages = {1893},
   ISSN = {1996-1073},
   url = {http://www.mdpi.com/1996-1073/11/7/1893},
   year = {2018},
   type = {Journal Article}
}

@article{Bayer:2018,
   author = {Bayer, Benjamin and Matschoss, Patrick and Thomas, Heiko and Marian, Adela},
   title = {The German experience with integrating photovoltaic systems into the low-voltage grids},
   journal = {Renewable Energy},
   volume = {119},
   pages = {129-141},
   ISSN = {0960-1481},
   DOI = {https://doi.org/10.1016/j.renene.2017.11.045},
   url = {http://www.sciencedirect.com/science/article/pii/S0960148117311461},
   year = {2018},
   type = {Journal Article}
}

@inproceedings{Block:2008,
   author = {Block, Carsten and Neumann, Dirk and Weinhardt, Christof},
   title = {A market mechanism for energy allocation in micro-chp grids},
   booktitle = {Hawaii International Conference on System Sciences, Proceedings of the 41st Annual},
   publisher = {IEEE},
   year = {2008},
   pages = {172-172},
   ISBN = {0769530753},
   type = {Conference Proceedings}
}

@book{Box:1990,
   author = {Box, George Edward Pelham and Jenkins, Gwilym},
   title = {Time Series Analysis, Forecasting and Control},
   publisher = {Holden-Day},
   address = {San Francisco},
   ISBN = {0816211043},
   year = {1990},
   type = {Book}
}

@techreport{Burger:2016,
   author = {Burger, C and Kuhlmann, A and Richard, P and Weinmann, J},
   title = {Blockchain in the energy transition. A survey among decision-makers in the German energy industry},
   year = {2016},
   type = {Report},
   institution = {ESMT Berlin}
}

@misc{business-science:2018,
   volume = {01.08.2018},
   url = {http://www.business-science.io/timeseries-analysis/2018/04/18/keras-lstm-sunspots-time-series-prediction.html},
   year = {2018},
   type = {Web Page}
}

@misc{Ethereum:2018web,
   number = {03.08.2018},
   url = {https://www.ethereum.org},
   year = {2018},
   type = {Web Page}
}

@techreport{Fitzgerald:2016,
   author = {Fitzgerald, Garrett and Nelder, Chris and Newcomb, James},
   title = {Electric vehicles as distributed energy resources},
   institution = {Rocky Mountain Institute},
   year = {2016},
   type = {Report}
}

@article{Hoff:2013,
   author = {Hoff, Thomas and Perez, Richard and Kleissl, Jan and Renne, David and Stein, Joshua},
   title = {Reporting of irradiance modeling relative prediction errors},
   journal = {Progress in Photovoltaics: Research and Applications},
   volume = {21},
   number = {7},
   pages = {1514-1519},
   DOI = {doi:10.1002/pip.2225},
   url = {https://onlinelibrary.wiley.com/doi/abs/10.1002/pip.2225},
   year = {2013},
   type = {Journal Article}
}

@article{Hyndman:2006,
   author = {Hyndman, Rob J. and Koehler, Anne B.},
   title = {Another look at measures of forecast accuracy},
   journal = {International Journal of Forecasting},
   volume = {22},
   number = {4},
   pages = {679-688},
   ISSN = {0169-2070},
   DOI = {ttps://doi.org/10.1016/j.ijforecast.2006.03.001},
   year = {2006},
   type = {Journal Article}
}

@article{Kong:2018,
   author = {Kong, Weicong and Dong, Zhao Yang and Jia, Youwei and Hill, David J and Xu, Yan and Zhang, Yuan},
   title = {Short-Term Residential Load Forecasting Based on Resident Behaviour Learning},
   journal = { IEEE Transactions on Power Systems},
   volume = {33},
   number = {1},
   pages = {1087 - 1088},
   ISSN = {1949-3053},
   DOI = {10.1109/TPWRS.2017.2688178},
   year = {2018},
   type = {Journal Article}
}

@inproceedings{Lamparter:2010,
   author = {Lamparter, Steffen and Becher, Silvio and Fischer, Jan-Gregor},
   title = {An agent-based market platform for smart grids},
   year = {2010},
   booktitle = {Proceedings of the 9th international conference on autonomous agents and multiagent systems: industry track},
   publisher = {International Foundation for Autonomous Agents and Multiagent Systems},
   pages = {1689-1696},
   ISBN = {0982657145},
   type = {Conference Proceedings}
}

@phdthesis{Floch:2017,
   author = {Le Floch, C. },
   title = {Methods for Optimal Charging of Large Fleets of Electric Vehicles},
   school = {UC Berkeley},
   year = {2017},
   type = {Thesis}
}

@article{Li:2015,
   author = {Li, Chun-Ta and Weng, Chi-Yao and Lee, Cheng-Chi and Wang, Chun-Cheng},
   title = {A hash based remote user authentication and authenticated key agreement scheme for the integrated EPR information system},
   journal = {Journal of medical systems},
   volume = {39},
   number = {11},
   pages = {144},
   ISSN = {0148-5598},
   year = {2015},
   type = {Journal Article}
}

@article{Li:2017,
   author = {Li, Pan and Zhang, Baosen and Weng, Yang and Rajagopal, Ram},
   title = {A sparse linear model and significance test for individual consumption prediction},
   journal = {IEEE Transactions on Power Systems},
   volume = {32},
   number = {6},
   pages = {4489-4500},
   ISSN = {0885-8950},
   year = {2017},
   type = {Journal Article}
}

@article{Mengelkamp:2018a,
   author = {Mengelkamp, Esther and G{\"a}rttner, Johannes and Rock, Kerstin and Kessler, Scott and Orsini, Lawrence and Weinhardt, Christof},
   title = {Designing microgrid energy markets: A case study: The Brooklyn Microgrid},
   journal = {Applied Energy},
   volume = {210},
   pages = {870-880},
   ISSN = {0306-2619},
   DOI = {https://doi.org/10.1016/j.apenergy.2017.06.054},
   url = {http://www.sciencedirect.com/science/article/pii/S030626191730805X},
   year = {2018},
   type = {Journal Article}
}

@article{Mengelkamp:2018b,
   author = {Mengelkamp, Esther and Notheisen, Benedikt and Beer, Carolin and Dauer, David and Weinhardt, Christof},
   title = {A blockchain-based smart grid: towards sustainable local energy markets},
   journal = {Computer Science - Research and Development},
   volume = {33},
   number = {1},
   pages = {207-214},
   ISSN = {1865-2042},
   DOI = {10.1007/s00450-017-0360-9},
   url = {https://doi.org/10.1007/s00450-017-0360-9},
   year = {2018},
   type = {Journal Article}
}

@INPROCEEDINGS{Mihaylov:2014, 
author={M. Mihaylov and S. Jurado and N. Avellana and K. Van Moffaert and I. M. de Abril and A. Nowé}, 
booktitle={11th International Conference on the European Energy Market (EEM14)}, 
title={NRGcoin: Virtual currency for trading of renewable energy in smart grids}, 
year={2014}, 
volume={}, 
number={}, 
pages={1-6}, 
keywords={foreign exchange trading;power markets;renewable energy sources;smart power grids;NRGcoin;virtual currency;renewable energy trading;decentralized digital currency;smart grid trade;currency exchange market;Bitcoins;green energy selling;Production;Renewable energy sources;Smart grids;Substations;Supply and demand;Online banking;Smart meters;Bitcoin;Renewable energy;Smart grids}, 
doi={10.1109/EEM.2014.6861213}, 
ISSN={2165-4093}, 
month={May},}

@INPROCEEDINGS{Münsing:2017, 
author={E. M{\"u}nsing and J. Mather and S. Moura}, 
booktitle={2017 IEEE Conference on Control Technology and Applications (CCTA)}, 
title={Blockchains for decentralized optimization of energy resources in microgrid networks}, 
year={2017}, 
volume={}, 
number={}, 
pages={2164-2171}, 
keywords={distributed power generation;distribution networks;load flow;optimisation;power generation scheduling;power markets;smart contract;ADMM coordinator;optimal schedule;microgrid operator;energy resources;microgrid networks;peer-to-peer energy markets;operational constraints;centralized utility;distributed computation;data management;distributed optimization;decentralized optimal power flow model;electricity distribution network;local optimization steps;decentralized optimization blockchains;microgrid aggregator;decentralized coordination;nontrusting agents;alternating direction method of multipliers;Microgrids;Contracts;Monopoly;Mathematical model;Computer architecture;Optimization;Peer-to-peer computing}, 
doi={10.1109/CCTA.2017.8062773}, 
ISSN={}, 
month={Aug},}

@article{Pinson:2012,
   author = {Pinson, Pierre and Hagedorn, Renate},
   title = {Verification of the ECMWF ensemble forecasts of wind speed against analyses and observations},
   journal = {Meteorological Applications},
   volume = {19},
   number = {4},
   pages = {484-500},
   DOI = {doi:10.1002/met.283},
   url = {https://rmets.onlinelibrary.wiley.com/doi/abs/10.1002/met.283},
   year = {2012},
   type = {Journal Article}
}

@article{Qin:2017,
   author = {Qin, Junjie and Rajagopal, Ram and Varaiya, Pravin P},
   title = {Flexible market for smart grid: coordinated trading of contingent contracts},
   journal = {IEEE Transactions on Control of Network Systems},
   ISSN = {2325-5870},
   DOI = {10.1109/TCNS.2017.2746347},
   year = {2017 (Early access)},
   type = {Journal Article}
}

@misc{newscientist:2016,
   author = {Rutkin, A.},
   url = {https://www.newscientist.com/article/2079334-blockchain-based-microgrid-gives-power-to-consumers-in-new-york/},
   year = {2016},
   type = {Web Page}
}

@article{Shi:2017,
   author = {Shi, Heng and Xu, Minghao and Li, Ran},
   title = {Deep learning for household load forecasting–a novel pooling deep RNN},
   journal = {IEEE Transactions on Smart Grid},
   ISSN = {1949-3053},
   DOI = {0.1109/TSG.2017.2686012},
   year = {2017 (Early access)},
   type = {Journal Article}
}

@book{Swan:2015,
   author = {Swan, Melanie},
   title = {Blockchain: Blueprint for a new economy},
   publisher = {O'Reilly Media},
   address = {Sebastopol, CA},
   ISBN = {1491920475},
   year = {2015},
   type = {Book}
}

@misc{szabo:1994,
   url = {http://www.fon.hum.uva.nl/rob/Courses/InformationInSpeech/CDROM/Literature/LOTwinterschool2006/szabo.best.vwh.net/smart.contracts.html},
   year = {1994},
   type = {Web Page}
}

@article{Szabo:1997,
   author = {Szabo, Nick},
   title = {Formalizing and Securing Relationships on Public Networks},
   journal = {First Monday},
   volume = {2},
   number = {9},
   ISSN = {13960466},
   DOI = {10.5210/fm.v2i9.548},
   url = {http://journals.uic.edu/ojs/index.php/fm/article/view/548},
   year = {1997},
   type = {Journal Article}
}

@article{Vallance:2017,
   author = {Vallance, Loïc and Charbonnier, Bruno and Paul, Nicolas and Dubost, Stéphanie and Blanc, Philippe},
   title = {Towards a standardized procedure to assess solar forecast accuracy: A new ramp and time alignment metric},
   journal = {Solar Energy},
   volume = {150},
   pages = {408-422},
   ISSN = {0038-092X},
   DOI = {https://doi.org/10.1016/j.solener.2017.04.064},
   url = {http://www.sciencedirect.com/science/article/pii/S0038092X17303687},
   year = {2017},
   type = {Journal Article}
}

@article{Meer:2018,
   author = {van der Meer, D. W. and Widén, J. and Munkhammar, J.},
   title = {Review on probabilistic forecasting of photovoltaic power production and electricity consumption},
   journal = {Renewable and Sustainable Energy Reviews},
   volume = {81},
   pages = {1484-1512},
   ISSN = {1364-0321},
   DOI = {https://doi.org/10.1016/j.rser.2017.05.212},
   url = {http://www.sciencedirect.com/science/article/pii/S1364032117308523},
   year = {2018},
   type = {Journal Article}
}

@article{Wang:2018,
   author = {Wang, Yi and Chen, Qixin and Hong, Tao and Kang, Chongqing},
   title = {Review of smart meter data analytics: Applications, methodologies, and challenges},
   journal = {IEEE Transactions on Smart Grid},
   ISSN = {1949-3053},
   DOI = {10.1109/TSG.2018.2818167},
   year = {2018 (Early access)},
   type = {Journal Article}
}

@book{Weron:2006,
   author = {Weron, Rafal},
   title = {Modeling and forecasting electricity loads and prices: A statistical approach},
   publisher = {John Wiley \& Sons},
   address = {Chichester},
   ISBN = {0470059990},
   year = {2006},
   type = {Book}
}

@misc{BSW-Solar:2017,
author = {BSW-Solar},
year = {2017},
title = {Statistische Zahlen der deutschen Solarstrombranche (Photovoltaik)},
publisher = {Bundesverband Solarwirtschaft e.V.}
}

@article{Yamin:2004,
   author = {Yamin, H. Y. and Shahidehpour, S. M.},
   title = {Bidding Strategies Using Price Based Unit Commitment in a Deregulated Power Market},
   journal = {Electric Power Components and Systems},
   volume = {32},
   number = {3},
   pages = {229-245},
   ISSN = {1532-5008},
   DOI = {10.1080/15325000490207912},
   url = {https://doi.org/10.1080/15325000490207912},
   year = {2004},
   type = {Journal Article}
}

@InProceedings{Zufferey:2017,
author="Zufferey, Thierry
and Ulbig, Andreas
and Koch, Stephan
and Hug, Gabriela",
editor="Woon, Wei Lee
and Aung, Zeyar
and Kramer, Oliver
and Madnick, Stuart",
title="Forecasting of Smart Meter Time Series Based on Neural Networks",
booktitle="Data Analytics for Renewable Energy Integration",
year="2017",
publisher="Springer International Publishing",
address="Cham",
pages="10--21",
isbn="978-3-319-50947-1"
}


@INPROCEEDINGS{Teixeira:2017, 
author={B. Teixeira and F. Silva and T. Pinto and G. Santos and I. Praça and Z. Vale}, 
booktitle={2017 IEEE Power Energy Society General Meeting}, 
title={{TOOCC}: Enabling heterogeneous systems interoperability in the study of energy systems}, 
year={2017}, 
volume={}, 
number={}, 
pages={1-5}, 
keywords={decision support systems;distributed power generation;environmental factors;multi-agent systems;ontologies (artificial intelligence);power generation economics;renewable energy sources;scheduling;heterogeneous systems interoperability;Tools Control Center;energy sources;energy market;energy systems;TOOCC;house management system;energy resource scheduling;energy field;heterogeneous agent-based systems;Tools;Ontologies;Microgrids;Frequency modulation;Electricity supply industry;Load modeling;Proposals;Agent-Based Systems;Demand Response;Energy Efficiency;Ontologies;System's Interoperability}, 
doi={10.1109/PESGM.2017.8274338}, 
ISSN={1944-9933}, 
}

@ARTICLE{Gerossier:2017, 
author={A. Gerossier and R. Girard and G. Kariniotakis and A. Michiorri}, 
journal={CIRED - Open Access Proceedings Journal}, 
title={Probabilistic day-ahead forecasting of household electricity demand}, 
year={2017}, 
volume={2017}, 
number={1}, 
pages={2500-2504}, 
keywords={probability;smart power grids;load forecasting;household electricity demand;electricity demand forecasting;smart-grids context;home energy management systems;probabilistic day-ahead forecasting model;hourly electrical demand prediction;smart meter data;temperature predictions;smart grid demonstration site;SENSIBLE project;reliable probabilistic forecasts}, 
doi={10.1049/oap-cired.2017.0625}, 
ISSN={2515-0855}, 
month={},}

@book{fielding:2000,
  title={Architectural Styles and the Design of Network-based Software Architectures},
  author={Fielding, Roy T},
  year={2000},
  publisher={Doctoral dissertation. University of California, Irvine}
}

@misc{Discovergy:2018,
	Author = {{Discovergy GmbH}},
	Title = {Intelligente Stromz{\"a}hler und Messsysteme - Discovergy GmbH},
	Date-Added = {2018-09-07 09:59:19 +0000},
	Date-Modified = {2018-09-07 10:00:18 +0000},
	Lastchecked = {07.09.2018},
	Month = {September},
	Url = {https://discovergy.com},
	Year = {2018}}
	
@misc{DiscovergyAPI:2018,
	Author = {{Discovergy GmbH}},
	Title = {Discovergy API Documentation},
	Date-Added = {2018-09-07 09:59:19 +0000},
	Date-Modified = {2018-09-07 10:00:18 +0000},
	Lastchecked = {08.09.2018},
	Url = {https://api.discovergy.com/docs/)},
	Year = {2018}}
    
 @misc{Destatis:2018,
	Author = {{Statistisches Bundesamt (Destatis)}},
	Title = {{Energieverbrauch -- Stromverbrauch der privaten Haushalte nach Haushaltsgr{\"o}{\ss}enklassen}},
	lastchecked = {14.09.2018},
	Url = {https://www.destatis.de/DE/ZahlenFakten/GesamtwirtschaftUmwelt/Umwelt/UmweltoekonomischeGesamtrechnungen/MaterialEnergiefluesse/Tabellen/StromverbrauchHaushalte.html},
	Year = {2018}}
	
@booklet{Stromspiegel:2017,
	Address = {co2online gemeinn{\"u}tzige GmbH, Hochkirchstra{\ss}e 9, 10829 Berlin},
	Author = {Andreas Braun},
	Date-Added = {2018-09-12 11:15:50 +0000},
	Date-Modified = {2018-09-12 11:17:30 +0000},
	Howpublished = {\href{https://www.stromspiegel.de/fileadmin/ssi/stromspiegel/Broschuere/Stromspiegel\_2017\_web.pdf}{https://www.stromspiegel.de/fileadmin/ssi/stromspiegel/Broschuere/Stromspiegel\_2017\_web .pdf}, accessed on 12.09.2018},
	Title = {Stromspiegel f{\"u}r Deutschland 2017 - Klimaschutz f{\"u}r zu Hause},
	Year = {2017}}
	
@misc{energieatlas:2018,
	Author = {{Bayerisches Staatsministerium f{\"u}r Wirtschaft, Energie und Technologie}},
	Date-Added = {2018-09-13 15:34:36 +0000},
	Date-Modified = {2018-09-13 15:36:15 +0000},
	Lastchecked = {13.09.2018},
	Title = {Energie-Atlas Bayern},
	Url = {https://www.energieatlas.bayern.de/thema\_sonne/photovoltaik/daten.html},
	Year = {2018}}
	
@inproceedings{zor:2017,
author = {Zor, Kas{\i}m and Timur, O and Celik, O and Y{\i}ld{\i}r{\i}m, HB and Teke, Ahmet},
year = {2017},
month = {10},
pages = {1-9},
title = {Interpretation of Error Calculation Methods in the Context of Energy Forecasting},
booktitle = {Digital Proceedings of the 12th Conference on Sustainable Development of Energy, Water and Environment Systems (SDEWES2017)},
volume = {0722},
place = {Dubrovnik, Croatia}
}

@article{Haben:2014,
title = "A new error measure for forecasts of household-level, high resolution electrical energy consumption",
journal = "International Journal of Forecasting",
volume = "30",
number = "2",
pages = "246 - 256",
year = "2014",
issn = "0169-2070",
doi = "https://doi.org/10.1016/j.ijforecast.2013.08.002",
url = "http://www.sciencedirect.com/science/article/pii/S0169207013001386",
author = "Stephen Haben and Jonathan Ward and Danica Vukadinovic Greetham and Colin Singleton and Peter Grindrod",
keywords = "Verification methods, Load forecasting, Volatile data, Smart meter, Error measure"
}

@book{golub:2012,
  title={Matrix computations},
  author={Golub, Gene H and Van Loan, Charles F},
  volume={3},
  year={2012},
  publisher={JHU Press}
}

@article{Zhang:2015,
title = "A suite of metrics for assessing the performance of solar power forecasting",
journal = "Solar Energy",
volume = "111",
pages = "157 - 175",
year = "2015",
issn = "0038-092X",
doi = "https://doi.org/10.1016/j.solener.2014.10.016",
url = "http://www.sciencedirect.com/science/article/pii/S0038092X14005027",
author = "Jie Zhang and Anthony Florita and Bri-Mathias Hodge and Siyuan Lu and Hendrik F. Hamann and Venkat Banunarayanan and Anna M. Brockway",
keywords = "Grid integration, Nonparametric statistical testing, Solar power forecasting, Solar power ramps, Sensitivity analysis"
}

@article{xie:2018, 
author={J. Xie and T. Hong}, 
journal={IEEE Transactions on Smart Grid}, 
title={Variable Selection Methods for Probabilistic Load Forecasting: Empirical Evidence from Seven States of the United States}, 
year={2018}, 
volume={}, 
number={}, 
pages={1-1}, 
keywords={Load forecasting;Load modeling;Probabilistic logic;Predictive models;Input variables;Forecasting;Measurement uncertainty;Load forecasting;mean absolute error;mean absolute percentage error;pinball loss;probabilistic forecasting;quantile score;variable selection}, 
doi={10.1109/TSG.2017.2702751}, 
ISSN={1949-3053}, 
month={},}

@INPROCEEDINGS{Florita:2013, 
author={A. Florita and B. Hodge and K. Orwig}, 
booktitle={2013 IEEE Green Technologies Conference (GreenTech)}, 
title={Identifying Wind and Solar Ramping Events}, 
year={2013}, 
volume={}, 
number={}, 
pages={147-152}, 
doi={10.1109/GreenTech.2013.30}, 
ISSN={2166-5478}, 
month={April},}

@article{Espinar:2009,
title = "Analysis of different comparison parameters applied to solar radiation data from satellite and German radiometric stations",
journal = "Solar Energy",
volume = "83",
number = "1",
pages = "118 - 125",
year = "2009",
issn = "0038-092X",
doi = "https://doi.org/10.1016/j.solener.2008.07.009",
url = "http://www.sciencedirect.com/science/article/pii/S0038092X08001655",
author = "Bella Espinar and Lourdes RamÃ­rez and Anja Drews and Hans Georg Beyer and Luis F. Zarzalejo and JesÃºs Polo and Luis MartÃ­n",
keywords = "Comparison parameters, Quality control, Solar radiation, Model assessment, KolmogorovâSmirnov test"
}

@article{Diagne:2013,
title = "Review of solar irradiance forecasting methods and a proposition for small-scale insular grids",
journal = "Renewable and Sustainable Energy Reviews",
volume = "27",
pages = "65 - 76",
year = "2013",
issn = "1364-0321",
doi = "https://doi.org/10.1016/j.rser.2013.06.042",
url = "http://www.sciencedirect.com/science/article/pii/S1364032113004334",
author = "Maimouna Diagne and Mathieu David and Philippe Lauret and John Boland and Nicolas Schmutz",
keywords = "Solar irradiance, Forecast models, Statistical models, NWP models, Postprocessing methods"
}

@book{hong:2010,
author = {Hong, Tao},
year = {2010},
month = {01},
pages = {},
title = {Short Term Electric Load Forecasting},
isbn = {978-1-124-47772-5},
publisher = {North Carolina State University},
note = {Ph.D. thesis}
}

@ARTICLE{Gan:2017, 
author={D. Gan and Y. Wang and N. Zhang and W. Zhu}, 
journal={The Journal of Engineering}, 
title={Enhancing short-term probabilistic residential load forecasting with quantile long–short-term memory}, 
year={2017}, 
volume={2017}, 
number={14}, 
pages={2622-2627}, 
keywords={power engineering computing;stochastic processes;learning (artificial intelligence);probability;load forecasting;average quantile score;probabilistic residual load forecasting;deep-learning-based method;residual loads uncertainty;ST probabilistic forecasting;aggregated loads;stochastic features;nonstationary features;short-term ST load forecasting;quantile long-short-term memory;short-term probabilistic residential load forecasting}, 
doi={10.1049/joe.2017.0833}, 
ISSN={2051-3305}, 
month={},}

@ARTICLE{Chen:2018, 
author={K. Chen and K. Chen and Q. Wang and Z. He and J. Hu and J. He}, 
journal={IEEE Transactions on Smart Grid}, 
title={Short-term Load Forecasting with Deep Residual Networks}, 
year={2018}, 
volume={}, 
number={}, 
pages={1-1}, 
keywords={Load modeling;Neural networks;Load forecasting;Predictive models;Forecasting;Probabilistic logic;Task analysis;Short-term load forecasting;deep learning;deep residual network;probabilistic load forecasting.}, 
doi={10.1109/TSG.2018.2844307}, 
ISSN={1949-3053}, 
month={},}

@book{Chollet:2018,
  title={Deep Learning with R},
  author={Chollet, Fran{\c{c}}ois and Allaire, JJ},
  year={2018},
  publisher={Manning Publications Co.}
}

@article{Hochreiter:1997,
author = {Hochreiter, Sepp and Schmidhuber, JÃŒrgen},
title = {Long Short-Term Memory},
journal = {Neural Computation},
volume = {9},
number = {8},
pages = {1735-1780},
year = {1997},
doi = {10.1162/neco.1997.9.8.1735},
URL = {https://doi.org/10.1162/neco.1997.9.8.1735},
eprint = {https://doi.org/10.1162/neco.1997.9.8.1735}
}

@inproceedings{Graves:2013,
  title={Speech recognition with deep recurrent neural networks},
  author={Graves, Alex and Mohamed, Abdel-rahman and Hinton, Geoffrey},
  booktitle={Acoustics, speech and signal processing (icassp), 2013 ieee international conference on},
  pages={6645--6649},
  year={2013},
  organization={IEEE}
}

@inproceedings{Malhotra:2015,
  title={Long short term memory networks for anomaly detection in time series},
  author={Malhotra, Pankaj and Vig, Lovekesh and Shroff, Gautam and Agarwal, Puneet},
  booktitle={Proceedings},
  pages={89},
  year={2015},
  organization={Presses universitaires de Louvain}
}

@article{Lipton:2015,
  title={A critical review of recurrent neural networks for sequence learning},
  author={Lipton, Zachary C and Berkowitz, John and Elkan, Charles},
  journal={arXiv preprint arXiv:1506.00019},
  year={2015}
}

@article{Rumelhart:1986,
  title={Learning representations by back-propagating errors},
  author={Rumelhart, David E and Hinton, Geoffrey E and Williams, Ronald J},
  journal={nature},
  volume={323},
  number={6088},
  pages={533},
  year={1986},
  publisher={Nature Publishing Group}
}

@article{Bengio:1994,
  title={Learning long-term dependencies with gradient descent is difficult},
  author={Bengio, Yoshua and Simard, Patrice and Frasconi, Paolo},
  journal={IEEE transactions on neural networks},
  volume={5},
  number={2},
  pages={157--166},
  year={1994}
}

@ARTICLE{Gers:2000, 
author={F. A. Gers and J. Schmidhuber and F. Cummins}, 
journal={Neural Computation}, 
title={Learning to Forget: Continual Prediction with LSTM}, 
year={2000}, 
volume={12}, 
number={10}, 
pages={2451-2471}, 
keywords={}, 
doi={10.1162/089976600300015015}, 
ISSN={0899-7667}, 
month={Oct},}

@article{Werbos:1990,
  title={Backpropagation through time: what it does and how to do it},
  author={Werbos, Paul J},
  journal={Proceedings of the IEEE},
  volume={78},
  number={10},
  pages={1550--1560},
  year={1990},
  publisher={IEEE}
}

@article{Hornik:1989,
title = "Multilayer feedforward networks are universal approximators",
journal = "Neural Networks",
volume = "2",
number = "5",
pages = "359 - 366",
year = "1989",
issn = "0893-6080",
doi = "https://doi.org/10.1016/0893-6080(89)90020-8",
url = "http://www.sciencedirect.com/science/article/pii/0893608089900208",
author = "Kurt Hornik and Maxwell Stinchcombe and Halbert White",
keywords = "Feedforward networks, Universal approximation, Mapping networks, Network representation capability, Stone-Weierstrass Theorem, Squashing functions, Sigma-Pi networks, Back-propagation networks"
}

@Inbook{Graves:2012,
author="Graves, Alex",
title="Supervised Sequence Labelling",
bookTitle="Supervised Sequence Labelling with Recurrent Neural Networks",
year="2012",
publisher="Springer Berlin Heidelberg",
address="Berlin, Heidelberg",
pages="5--13",
abstract="This chapter provides the background material and literature review for supervised sequence labelling. Section 2.1 briefly reviews supervised learning in general. Section 2.2 covers the classical, non-sequential framework of supervised pattern classification. Section 2.3 defines supervised sequence labelling, and describes the different classes of sequence labelling task that arise under different assumptions about the label sequences.",
isbn="978-3-642-24797-2",
doi="10.1007/978-3-642-24797-2\_2",
url="https://doi.org/10.1007/978-3-642-24797-2\_2"
}

@article{Bansal:2015,
  title={Energy Consumption Forecasting for Smart Meters},
  author={Bansal, Anshul and Rompikuntla, Susheel Kaushik and Gopinadhan, Jaganadh and Kaur, Amanpreet and Kazi, Zahoor Ahamed},
  journal={arXiv preprint arXiv:1512.05979},
  year={2015}
}

@article{Gers:2002,
  title={Learning precise timing with LSTM recurrent networks},
  author={Gers, Felix A and Schraudolph, Nicol N and Schmidhuber, J{\"u}rgen},
  journal={Journal of machine learning research},
  volume={3},
  number={Aug},
  pages={115--143},
  year={2002}
}

@Manual{R:2017,
    title = {R: A Language and Environment for Statistical Computing},
    author = {{R Core Team}},
    organization = {R Foundation for Statistical Computing},
    address = {Vienna, Austria},
    year = {2017},
    url = {https://www.R-project.org/},
  }
  
  @misc{chollet:2017kerasR,
  title={R Interface to Keras},
  author={Chollet, Fran\c{c}ois and Allaire, JJ and others},
  year={2017},
  publisher={GitHub},
  howpublished={\url{https://github.com/rstudio/keras}},
}

@inproceedings{Abadi:2017,
title	= {A Computational Model for TensorFlow (An Introduction)},
author	= {Martin Abadi and Michael Isard and Derek G. Murray},
booktitle = {MAPL 2017 Proceedings of the 1st ACM SIGPLAN International Workshop on Machine Learning and Programming Languages},
year	= {2017},
URL	= {http://dl.acm.org/citation.cfm?doid=3088525.3088527}
}

@article{Goldsborough:2016,
  title={A tour of tensorflow},
  author={Goldsborough, Peter},
  journal={arXiv preprint arXiv:1610.01178},
  year={2016}
}

@misc{tensorflowRstudio:2018,
   volume = {01.10.2018},
   url = {https://tensorflow.rstudio.com},
   year = {2018},
   type = {Web Page}
}

  @Article{Friedman:2010,
    title = {Regularization Paths for Generalized Linear Models via
      Coordinate Descent},
    author = {Jerome Friedman and Trevor Hastie and Robert Tibshirani},
    journal = {Journal of Statistical Software},
    year = {2010},
    volume = {33},
    number = {1},
    pages = {1--22},
    url = {http://www.jstatsoft.org/v33/i01/},
  }
  
  @misc{Heidjann:2017,
	Author = {J{\"o}rg Heidjann},
	Date-Added = {2018-10-05 17:03:29 +0000},
	Date-Modified = {2018-10-05 17:05:44 +0000},
	Howpublished = {StromAuskunft - Alles {\"u}ber Strom},
	Month = {April},
	Title = {Strompreise in Deutschland - Vergleichende Analyse der Strompreise f{\"u}r 1437 St{\"a}dte in Deutschland},
	Year = {2017}}
	
@misc{Ethereum:2018doc,
	Author = {Ethereum},
	Date-Added = {2018-10-06 06:28:27 +0000},
	Date-Modified = {2018-10-06 06:31:27 +0000},
	Lastchecked = {06.10.2018},
	Title = {Solididty Documentation - Release 0.4.25},
	year = {2018},
	URL = {https://solidity.readthedocs.io/en/v0.4.25/}
	}
	
@article{Gode:1993,
author = {Gode, Dhananjay K. and Sunder, Shyam},
title = {Allocative Efficiency of Markets with Zero-Intelligence Traders: Market as a Partial Substitute for Individual Rationality},
journal = {Journal of Political Economy},
volume = {101},
number = {1},
pages = {119-137},
year = {1993},
doi = {10.1086/261868},
URL = {https://doi.org/10.1086/261868}
}	
	
@INPROCEEDINGS{Greveler:2012, 
author={U. Greveler and B. Justus and D. Loehr}, 
booktitle={2012 IEEE International Conference on Communications (ICC)}, 
title={Forensic content detection through power consumption}, 
year={2012}, 
volume={}, 
number={}, 
pages={6759-6763}, 
doi={10.1109/ICC.2012.6364822}, 
ISSN={1938-1883}, 
month={June},}	
	
@article{greveler2012multimedia,
  title={Multimedia content identification through smart meter power usage profiles},
  author={Greveler, Ulrich and Justus, Benjamin and Loehr, Dennis},
  journal={Computers, Privacy and Data Protection},
  volume={1},
  pages={10},
  year={2012},
  publisher={ProQuest}
}	
	
@article{Hong:2016,
title = "Probabilistic electric load forecasting: A tutorial review",
journal = "International Journal of Forecasting",
volume = "32",
number = "3",
pages = "914 - 938",
year = "2016",
issn = "0169-2070",
doi = "https://doi.org/10.1016/j.ijforecast.2015.11.011",
url = "http://www.sciencedirect.com/science/article/pii/S0169207015001508",
author = "Tao Hong and Shu Fan"
}	

@article{Bianco:2016,
author = {Bianco, Laura and Djalalova, Irina V. and Wilczak, James M. and Cline, Joel and Calvert, Stan and Konopleva-Akish, Elena and Finley, Cathy and Freedman, Jeffrey},
title = {A Wind Energy Ramp Tool and Metric for Measuring the Skill of Numerical Weather Prediction Models},
journal = {Weather and Forecasting},
volume = {31},
number = {4},
pages = {1137-1156},
year = {2016},
doi = {10.1175/WAF-D-15-0144.1}
}


	
%%%%%%%%%%%%%%%%%%%%%%%%%%%%%%%%%%%
